@article{boykoff2007climate,
  title={Climate change and journalistic norms: A case-study of US mass-media coverage},
  author={Boykoff, Maxwell T and Boykoff, Jules M},
  journal={Geoforum},
  volume={38},
  number={6},
  pages={1190--1204},
  year={2007},
  publisher={Elsevier}
}

@article{feldman2012climate,
  title={Climate on cable: The nature and impact of global warming coverage on Fox News, CNN, and MSNBC},
  author={Feldman, Lauren and Maibach, Edward W and Roser-Renouf, Connie and Leiserowitz, Anthony},
  journal={The International Journal of Press/Politics},
  volume={17},
  number={1},
  pages={3--31},
  year={2012},
  publisher={SAGE Publications Sage CA: Los Angeles, CA}
}

@misc{aylien,
  author       = {AYLIEN},
  title        = {AYLIEN News API},
  year         = {2023},
  note         = {Available at \url{https://docs.aylien.com/newsapi/}}
}

@misc{propublica_congress_api,
  title        = {ProPublica Congress API},
  author       = {ProPublica},
  year         = {2023},
  howpublished = {\url{https://projects.propublica.org/api-docs/congress-api/}},
  note         = {Accessed: 2023},
  abstract     = {Using the Congress API, you can retrieve legislative data from the House of Representatives, the Senate and the Library of Congress. The API, which originated at The New York Times in 2009, includes details about members, votes, bills, nominations and other aspects of congressional activity.}
}

@misc{loc_api,
  title        = {U.S. Library of Congress API},
  author       = {Library of Congress},
  year         = {2023},
  howpublished = {\url{https://www.loc.gov/apis/}},
  note         = {Accessed: 2023}
}

@misc{allsides_bias_ratings,
  title        = {AllSides | Balanced news and media bias ratings. Unbiased news doesn't exist.},
  author       = {AllSides},
  year         = {2023},
  howpublished = {\url{https://www.allsides.com/}},
  note         = {Accessed: 2023},
  abstract     = {AllSides.com offers balanced news and media bias ratings. The platform aims to help users understand media bias and misinformation by providing news coverage and bias ratings for various media sources. AllSides encourages users to fund the solution, not the fight, by supporting balanced news and media bias research.}
}

@misc{flan-t5-xl,
  doi = {10.48550/ARXIV.2210.11416},
  
  url = {https://arxiv.org/abs/2210.11416},
  
  author = {Chung, Hyung Won and Hou, Le and Longpre, Shayne and Zoph, Barret and Tay, Yi and Fedus, William and Li, Eric and Wang, Xuezhi and Dehghani, Mostafa and Brahma, Siddhartha and Webson, Albert and Gu, Shixiang Shane and Dai, Zhuyun and Suzgun, Mirac and Chen, Xinyun and Chowdhery, Aakanksha and Narang, Sharan and Mishra, Gaurav and Yu, Adams and Zhao, Vincent and Huang, Yanping and Dai, Andrew and Yu, Hongkun and Petrov, Slav and Chi, Ed H. and Dean, Jeff and Devlin, Jacob and Roberts, Adam and Zhou, Denny and Le, Quoc V. and Wei, Jason},
  
  keywords = {Machine Learning (cs.LG), Computation and Language (cs.CL), FOS: Computer and information sciences, FOS: Computer and information sciences},
  
  title = {Scaling Instruction-Finetuned Language Models},
  
  publisher = {arXiv},
  
  year = {2022},
  
  copyright = {Creative Commons Attribution 4.0 International}
}
